@book{stein71,
	author = "Elias Stein and Guido Weiss",
	title = "Introduction to Fourier Analysis on Euclidean Spaces",
	year = "1971",
	publisher = "Princeton University Press"
}

@article{titchmarsh,
	author = "Titchmarsh, E.C.",
	title = "The zeros of certain integral functions",
	journal = "Proceedings of the London Mathematical Society",
	volume = "25",
	year = "1926",
	pages = "283-302"
}